@book{bertin,
author = {Bertin, John J. and Cummings, Russell M.},
title = {Aerodynamics for Engineers},
year = {2009},
edition = {5},
publisher = {Pearson Prentice-Hall},
location = {Upper Saddle River, NJ}
}
@book{anderson,
author = {Anderson, John D.},
title = {Fundamentals of Aerodynamcs},
year = {2011},
edition = {5},
publisher = {McGraw-Hill},
location = {New York}
}